% Encoding: UTF-8

@MastersThesis{王富奎2018高动态环境下智能车局部路径规划研究,
  author = {王富奎},
  school = {电子科技大学},
  title  = {高动态环境下智能车局部路径规划研究},
  year   = {2018},
}

@Article{祁志远2015三种直角坐标牛顿潮流算法的收敛性比较,
  author  = {祁志远 and 肖仕武},
  journal = {华北电力大学学报 (自然科学版)},
  title   = {三种直角坐标牛顿潮流算法的收敛性比较},
  year    = {2015},
  volume  = {5},
}

@Article{余卓平2017无人车运动规划算法综述,
  author  = {余卓平 and 李奕姗 and 熊璐},
  journal = {同济大学学报 (自然科学版)},
  title   = {无人车运动规划算法综述},
  year    = {2017},
  number  = {8},
  pages   = {1150--1159},
  volume  = {45},
}

@InProceedings{li2017nonlinear,
  author       = {Li, Bai and Shao, Zhijiang and Zhang, Youmin and Li, Pu},
  booktitle    = {2017 13th IEEE Conference on Automation Science and Engineering (CASE)},
  title        = {Nonlinear programming for multi-vehicle motion planning with Homotopy initialization strategies},
  year         = {2017},
  organization = {IEEE},
  pages        = {118--123},
}
@article{周慧子2017面向自动驾驶的动态路径规划避障算法,
  title={面向自动驾驶的动态路径规划避障算法},
  author={周慧子 and 胡学敏 and 陈龙 and 田梅 and 熊豆},
  journal={计算机应用},
  volume={37},
  number={3},
  pages={883--888},
  year={2017}
}
@Article{李柏2018自动驾驶车辆运动规划方法综述,
  author  = {李柏 and 张友民 and 邵之江},
  journal = {收藏},
  title   = {自动驾驶车辆运动规划方法综述},
  year    = {2018},
  volume  = {6},
}

@Article{li2018balancing,
  author    = {Li, Bai and Zhang, Youmin and Feng, Yiheng and Zhang, Yue and Ge, Yuming and Shao, Zhijiang},
  journal   = {IEEE Transactions on Intelligent Vehicles},
  title     = {Balancing computation speed and quality: A decentralized motion planning method for cooperative lane changes of connected and automated vehicles},
  year      = {2018},
  number    = {3},
  pages     = {340--350},
  volume    = {3},
  publisher = {IEEE},
}
@mastersthesis{姚君延2018基于深度增强学习的路径规划算法研究,
  title={基于深度增强学习的路径规划算法研究},
  author={姚君延},
  year={2018},
  school={电子科技大学}
}
@Comment{jabref-meta: databaseType:bibtex;}
