% Encoding: UTF-8
@book{邓聚龙1987灰色系统基本方法,
  title={灰色系统基本方法},
  author={邓聚龙 and others},
  volume={1},
  number={98},
  year={1987},
  publisher={华中工学院出版社}
}

@Comment{jabref-meta: databaseType:bibtex;}
